@book{cnc,
    author = {{Peter Smid}},
    title = {{CNC Programming Handbook, Third Edition}},
    publisher = {Industrial Press},
    year = {2007}
}
@techreport{monitoring,
  author = {{Tulip Interfaces, Inc.}},
  title = {{Machine Monitoring: Using Data to Create Opportunity on the Shop Floor}},
  url = {https://tulip.co/ebooks/machine-monitoring/},
  year = {2019}
}
@techreport{webgui,
  author = {{An Introduction to Building Desktop Applications with Electron}},
  title = {{Machine Monitoring: Using Data to Create Opportunity on the Shop Floor}},
  url = {https://www.twilio.com/blog/an-introduction-to-building-desktop-applications-with-electron},
  year = {2020}
}
@techreport{react,
  author = {{reactjs.org}},
  title = {{React Documentation: Main Concepts: State and Lifecycle}},
  url = {https://reactjs.org/docs/state-and-lifecycle.html},
  year = {2022}
}
@manual{jk35hy28,
    author = {{JKONGMOTOR}},
    title = {{35mm 1.8 Degree Nema 14 Stepper Motor 1000g.cm Holding Torque Shaft 5mm}},
    url = {https://www.jkong-motor.com/sale-11043579-35mm-1-8-degree-nema-14-stepper-motor-1000g-cm-holding-torque-shaft-5mm.html},
    year = {2022}
}
@manual{drv8825,
    author = {{Texas Instruments}},
    title = {{DRV8825 Stepper Motor Controller IC}},
    url = {https://www.ti.com/lit/ds/symlink/drv8825.pdf},
    year = {2014}
}
@manual{atmega328p,
    author = {{Microchip Technology}},
    title = {{ATmega48A/PA/88A/PA/168A/PA/328/P}},
    url = {https://ww1.microchip.com/downloads/aemDocuments/documents/MCU08/ProductDocuments/DataSheets/ATmega48A-PA-88A-PA-168A-PA-328-P-DS-DS40002061B.pdf},
    year = {2020}
}
@manual{ft232,
    author = {{Future Technology Devices}},
    title = {{FT232R USB UART IC Datasheet}},
    url = {https://ftdichip.com/wp-content/uploads/2020/08/DS_FT232R.pdf},
    year = {2020}
}
@manual{gcode,
    author = {{LinuxCNC.org}},
    title = {{G Code Overview}},
    url = {https://linuxcnc.org/docs/html/gcode/overview.html},
    year = {2022}
}
@manual{redux,
    author = {{Dan Abramov, redux.js.org}},
    title={{Redux Fundamentals, Part 2: Concepts and Data Flow}},
    url = {https://redux.js.org/tutorials/fundamentals/part-2-concepts-data-flow},
    year = {2021}
}
@manual{circles,
    author = {{MDN Web Docs}},
    title = {{SVG Tutorial: Paths}},
    url = {https://developer.mozilla.org/en-US/docs/Web/SVG/Tutorial/Paths},
    year = {2022}
}
